<?xml version="1.0" encoding="UTF-8"?><collection xmlns="http://www.loc.gov/MARC21/slim"><record><leader>00426nam--2200121-i-4500</leader><controlfield tag="001">000038601</controlfield><controlfield tag="002">20161230</controlfield><controlfield tag="005">20161230201041</controlfield><controlfield tag="008">060222s1000------------r-----000-0-eng-d</controlfield><datafield ind1=" " ind2=" " tag="080"><subfield code="a">017</subfield></datafield><datafield ind1=" " ind2=" " tag="245"><subfield code="a">Repertoriul periodicelor straine din r.p.r. abonamente 1969. seria a: st.in general. matematica. st.fizico-chimice. geologie-geografie. tehnica in general</subfield></datafield><datafield ind1=" " ind2=" " tag="260"><subfield code="a">Bucuresti, Bibl.Centr.De Stat, 1970, Lxi + 879p</subfield></datafield><datafield ind1=" " ind2=" " tag="852"><subfield code="a">31904</subfield></datafield></record></collection>